@book{evans2010partial,
address = {Providence, RI},
author = {Evans, Lawrence C.},
edition = {2. ed.},
series = {Graduate studies in mathematics},
title = {Partial differential equations},
volume = 19,
year = 2010
}

@book{dobrowolski2010angewandte,
address = {Berlin {[u.a.]}},
author = {Dobrowolski, Manfred},
edition = {2., korr. und Ã¼berarb. Aufl.},
title = {Angewandte Funktionalanalysis : Funktionalanalysis, Sobolev-R\"aume und elliptische Differentialgleichungen},
year = 2010
}

@book{adams2003sobolev,
address = {New York {[u.a.]}},
author = {Adams, Robert A. and Fournier, John J. F.},
edition = {2. ed.},
series = {Pure and applied mathematics},
title = {Sobolev spaces},
volume = 140,
year = 2003
}

@book{alt2012lineare,
address = {Berlin {[u.a.]}},
author = {Alt, Hans Wilhelm},
edition = {6., \"uberarbeitete Aufl.},
title = {Lineare Funktionalanalysis : eine anwendungsorientierte Einf\"uhrung},
year = 2012
}



